<record><leader>00000cas a22000007a 4500</leader><controlfield tag="001">19610813</controlfield><controlfield tag="008">890426d19631964njumr ne      0    0eng d</controlfield><datafield ind1=" " ind2=" " tag="010"><subfield code="a">sn 89069035 </subfield></datafield><datafield ind1=" " ind2=" " tag="040"><subfield code="a">NJW</subfield><subfield code="b">eng</subfield><subfield code="c">NJW</subfield><subfield code="d">OCLCQ</subfield></datafield><datafield ind1=" " ind2=" " tag="042"><subfield code="a">msc</subfield></datafield><datafield ind1="0" ind2="4" tag="245"><subfield code="a">The Belleville reporter.</subfield></datafield><datafield ind1=" " ind2=" " tag="260"><subfield code="a">Belleville, N.J. :</subfield><subfield code="b">Community Print. Corp.</subfield></datafield><datafield ind1=" " ind2=" " tag="310"><subfield code="a">Monthly</subfield></datafield><datafield ind1="1" ind2=" " tag="362"><subfield code="a">Began in 1963.</subfield></datafield><datafield ind1=" " ind2=" " tag="588"><subfield code="a">Description based on: Vol. 2, no. 2 (Mar. 31, 1964).</subfield></datafield><datafield ind1=" " ind2=" " tag="752"><subfield code="a">United States</subfield><subfield code="b">New Jersey</subfield><subfield code="c">Essex</subfield><subfield code="d">Belleville.</subfield></datafield><datafield ind1="0" ind2="0" tag="785"><subfield code="t">Belleville record</subfield><subfield code="w">(DLC)sn 89069119</subfield></datafield></record>